@misc{cinufpe2019,
 title   ={Site da disciplina de lógica para computação },
 year = {2019},
 url     ={https://www.cin.ufpe.br/~if673/},
 urlaccessdate={02 nov. 2019},
 author = {Centro de informática da UFPE}
}
@misc{wikipedia2019,
 title   ={Lógica para ciência da computação},
 year = {2019},
 url     ={https://pt.wikipedia.org/wiki/L%C3%B3gica_em_ci%C3%AAncia_da_computa%C3%A7%C3%A3o},
 urlaccessdate={02 nov.2019},
 author = {Wikipedia}
 }
@misc{ufpe2019,
title  = {Componentes curriculares de Ciência da Computação},
year = {2019},
url = {https://www.ufpe.br/documents/38970/411209/ciencia_computacao_perfil_2002.pdf/09862676-8330-4642-af94-6ec9e8607a62},
urlaccessdate = {02 nov. 2019},
author = {Universade Federal de Pernambuco}
}

