
@online{pgDisciplina,
  author = {CIn UFPE},
  title = {Página da disciplina Lógica para Computação, CIn, UFPE},
  year = 2017,
  url = {{https://cin.ufpe.br/~if673/}},
  urldate = {2019-10-30}
}
@online{pgLogica,
  author = {Prof.Dr.Avelino Zorzo},
  title = {Faculdade de Informática, PUCRS},
  year = 2008,
  url = {https://www.inf.pucrs.br/~zorzo/logica/},
  urldate = {2019-10-30}
}
@online{imgTuring,
  author = {O jogo da imitação},
  title = {Imagem Maquina de Turing.},
  year = 2015,
  url = {https://bitaites.org/wp-content/uploads/2017/07/o-enigma-do-genial-alan-turing-4.jpg},
  urldate = {2019-10-30}
}
@online{imgLogica,
  author = {Raciocinio Lógico},
  title = {Logica Proposicional e Tabela verdade},
  year = 2019,
  url = {https://3.bp.blogspot.com/-ifMW9A5CyS8/WNhTFe4qyyI/AAAAAAAAAL4/RXb2hNtVvbQCjFX5193hEWJm4rN-_IQKgCLcB/s1600/Logica.jpg},
  urldate = {2019-10-30}
}
